<?xml version="1.0" encoding="UTF-8"?><collection xmlns="http://www.loc.gov/MARC21/slim"><record><leader>00556nam--2200181-i-4500</leader><controlfield tag="001">000031619</controlfield><controlfield tag="002">20161230</controlfield><controlfield tag="005">20161230201038</controlfield><controlfield tag="008">060222s1000------------r-----000-0-ger-d</controlfield><datafield ind1=" " ind2=" " tag="040"><subfield code="a">IFIN-HH</subfield></datafield><datafield ind1=" " ind2=" " tag="041"><subfield code="a">ger</subfield></datafield><datafield ind1=" " ind2=" " tag="080"><subfield code="a">537.62:539.2</subfield></datafield><datafield ind1="1" ind2=" " tag="100"><subfield code="a">Schulze, G.E.R</subfield></datafield><datafield ind1="1" ind2="0" tag="245"><subfield code="a">Magnetische eigenschaften von festkorpern. von einem autorekollektiv.mit 308 bildern und 24 tabellen</subfield><subfield code="c">G.e.r. schulze (ed.)</subfield></datafield><datafield ind1=" " ind2=" " tag="260"><subfield code="a">Leipzig</subfield><subfield code="b">Veb Deutscher Verlag Fur Grundstoffindustrie</subfield><subfield code="c">1974</subfield></datafield><datafield ind1=" " ind2=" " tag="300"><subfield code="a">412P</subfield></datafield><datafield ind1=" " ind2=" " tag="852"><subfield code="a">43124</subfield><subfield code="c">539.2</subfield></datafield><datafield ind1=" " ind2=" " tag="CAT"><subfield code="a">Sys</subfield><subfield code="c">20121025</subfield><subfield code="h">110527</subfield></datafield></record></collection>